<record><leader>00000cas a22000007a 4500</leader><controlfield tag="001">32302868</controlfield><controlfield tag="008">950413d19251955okuwr n       0    0eng d</controlfield><datafield ind1=" " ind2=" " tag="010"><subfield code="a">sn 95076056 </subfield></datafield><datafield ind1=" " ind2=" " tag="040"><subfield code="a">OBN</subfield><subfield code="b">eng</subfield><subfield code="c">OBN</subfield><subfield code="d">OCLCQ</subfield><subfield code="d">DLC</subfield><subfield code="d">OCLCQ</subfield><subfield code="d">OCLCF</subfield></datafield><datafield ind1=" " ind2=" " tag="043"><subfield code="a">n-us-ok</subfield></datafield><datafield ind1="0" ind2="4" tag="245"><subfield code="a">The Harrah herald.</subfield></datafield><datafield ind1="3" ind2="0" tag="246"><subfield code="a">Herald</subfield></datafield><datafield ind1=" " ind2=" " tag="260"><subfield code="a">Harrah, Okla. :</subfield><subfield code="b">Chester A. Keyes</subfield></datafield><datafield ind1=" " ind2=" " tag="300"><subfield code="a">v.</subfield></datafield><datafield ind1=" " ind2=" " tag="310"><subfield code="a">Weekly</subfield></datafield><datafield ind1="0" ind2=" " tag="362"><subfield code="a">-v. 31, no. 33 (Nov. 10, 1955).</subfield></datafield><datafield ind1="1" ind2=" " tag="362"><subfield code="a">Began in 1925.</subfield></datafield><datafield ind1=" " ind2=" " tag="588"><subfield code="a">Description based on: Vol. 1, no. 14 (June 5, 1925).</subfield></datafield><datafield ind1=" " ind2="0" tag="651"><subfield code="a">Harrah (Okla.)</subfield><subfield code="v">Newspapers.</subfield></datafield><datafield ind1=" " ind2="0" tag="651"><subfield code="a">Oklahoma County (Okla.)</subfield><subfield code="v">Newspapers.</subfield></datafield><datafield ind1=" " ind2="7" tag="655"><subfield code="a">Newspapers.</subfield><subfield code="2">fast</subfield><subfield code="0">(OCoLC)fst01423814</subfield></datafield><datafield ind1=" " ind2="7" tag="651"><subfield code="a">Oklahoma</subfield><subfield code="z">Harrah.</subfield><subfield code="2">fast</subfield><subfield code="0">(OCoLC)fst01226848</subfield></datafield><datafield ind1=" " ind2="7" tag="651"><subfield code="a">Oklahoma</subfield><subfield code="z">Oklahoma County.</subfield><subfield code="2">fast</subfield><subfield code="0">(OCoLC)fst01210430</subfield></datafield><datafield ind1=" " ind2=" " tag="752"><subfield code="a">United States</subfield><subfield code="b">Oklahoma</subfield><subfield code="c">Oklahoma</subfield><subfield code="d">Harrah.</subfield></datafield><datafield ind1="0" ind2="0" tag="785"><subfield code="t">Oklahoma County herald</subfield><subfield code="w">(DLC)sn2007059005</subfield><subfield code="w">(OCoLC)32321961</subfield></datafield></record>